@article{CodeBB,
 author = {Andrew Bragdon, Steven P. Reiss, Robert Zeleznik, Suman Karumuri, William Cheung, Joshua Kaplan, Christopher Coleman, Ferdi Adeputra, and Joseph J. LaViola Jr},
 title = {Code Bubbles: Rethinking the User Interface Paradigm of Integrated Development Environments. },
}

@inproceedings{Lu:2012:GCT:2207676.2208693,
 author = {L\"{u}, Hao and Li, Yang},
 title = {Gesture Coder: A Tool for Programming Multi-touch Gestures by Demonstration},
 booktitle = {Proceedings of the SIGCHI Conference on Human Factors in Computing Systems},
 series = {CHI '12},
 year = {2012},
 isbn = {978-1-4503-1015-4},
 location = {Austin, Texas, USA},
 pages = {2875--2884},
 numpages = {10},
 url = {http://doi.acm.org/10.1145/2207676.2208693},
 doi = {10.1145/2207676.2208693},
 acmid = {2208693},
 publisher = {ACM},
 address = {New York, NY, USA},
 keywords = {decision trees, eclipse plug-in., multi-touch gestures, programming by demonstration, state machines},
} 

@article{Resnick:2009:SP:1592761.1592779,
 author = {Resnick, Mitchel and Maloney, John and Monroy-Hern\'{a}ndez, Andr{\'e}s and Rusk, Natalie and Eastmond, Evelyn and Brennan, Karen and Millner, Amon and Rosenbaum, Eric and Silver, Jay and Silverman, Brian and Kafai, Yasmin},
 title = {Scratch: Programming for All},
 journal = {Commun. ACM},
 issue_date = {November 2009},
 volume = {52},
 number = {11},
 month = nov,
 year = {2009},
 issn = {0001-0782},
 pages = {60--67},
 numpages = {8},
 url = {http://doi.acm.org/10.1145/1592761.1592779},
 doi = {10.1145/1592761.1592779},
 acmid = {1592779},
 publisher = {ACM},
 address = {New York, NY, USA},
} 
@inproceedings{Campbell:2008:DRT:1636642.1636651,
 author = {Campbell, Dustin and Miller, Mark},
 title = {Designing Refactoring Tools for Developers},
 booktitle = {Proceedings of the 2Nd Workshop on Refactoring Tools},
 series = {WRT '08},
 year = {2008},
 isbn = {978-1-60558-339-6},
 location = {Nashville, Tennessee},
 pages = {9:1--9:2},
 articleno = {9},
 numpages = {2},
 url = {http://doi.acm.org/10.1145/1636642.1636651},
 doi = {10.1145/1636642.1636651},
 acmid = {1636651},
 publisher = {ACM},
 address = {New York, NY, USA},
} 

@ARTICLE{PDS,
    author = {Gerald Weber},
    title = {PDStore},
    journal = {Department of 
Computer Science, University of Auckland. },
}

@incollection{yyy,
year={2011},
isbn={978-3-642-22202-3},
booktitle={Software Engineering and Computer Systems},
volume={181},
series={Communications in Computer and Information Science},
editor={Zain, JasniMohamad and Wan Mohd, WanMaseribt and El-Qawasmeh, Eyas},
doi={10.1007/978-3-642-22203-0_15},
title={Towards Unit Testing of User Interface Code for Android Mobile Applications},
url={http://dx.doi.org/10.1007/978-3-642-22203-0_15},
publisher={Springer Berlin Heidelberg},
keywords={Unit testing; Integration testing; GUI; Android application; Robolectric; Model-View-Controller (MVC); Model-View-ViewModel (MVVM); Test-driven development (TDD)},
author={Sadeh, Ben and Ørbekk, Kjetil and Eide, MagnusM. and Gjerde, NjaalC.A. and Tønnesland, TrygveA. and Gopalakrishnan, Sundar},
pages={163-175}
}


@online{aide,
  author = {appfour GmbH},
  title = {AIDE - Android IDE},
  year = 2014,
  url = {http://www.android-ide.com},
  note = {\url{http://www.android-ide.com}},
  urldate = {2014-05-15}
}

@online{Bus,
  author = {Business Insider Australia},
  title = {One In Every 5 People In The World Own A Smartphone, One In Every 17 Own A Tablet},
  year = 2014,
  url = {http://www.businessinsider.com.au/smartphone-and-tablet-penetration-2013-10},
  note = {\url{http://www.businessinsider.com.au/smartphone-and-tablet-penetration-2013-10}},
  urldate = {2014-09-12}
}

@article{faulkner,
  title={Beyond the five-user assumption: Benefits of increased sample sizes in usability testing},
  author={Faulkner, Laura},
  journal={Behavior Research Methods, Instruments, \& Computers},
  volume={35},
  number={3},
  pages={379--383},
  year={2003},
  publisher={Springer}
}
